\@book{Страуструп,
	author = "Страуструп Б.",
	title = "Программирование. Принципы и практика с использованием C++. 2\sdash е издание.: Пер.~с~англ.",
	address = "М.",
	publisher = "ООО <<И.Д.~Вильямс>>",
	year = 2016,
	language = "russian"
}
\@book{СтандартнаяБиблиотекаДляПрофессионалов,
	author = "Джосьютис Н.",
	title = "C++ Стандартная библиотека для профессионалов.: Пер.~с~англ.",
	address = "СПб.",
	publisher = "Питер",
	year = 2004,
	language = "russian"
}
\@online{БазаЗнанийАстры,	
	title = "Поддержка стандартов С++ в Astra Linux",
	url={https://wiki.astralinux.ru/kb/podderyoka-standartov-s++-199148172.html},
	language = "russian"
}
\@online{Doxygen,	
	title = "Система документирования исходного кода Doxygen",
	url={https://www.doxygen.nl/},
	language = "russian"
}
\@online{DoxygenКомментарии,	
	title = "Комментарии doxygen",
	url={https://www.doxygen.nl/manual/docblocks.html},
	language = "russian"
}
\@online{Boost,	
	title = "Boost. Cобрание библиотек классов С++",
	url={https://www.boost.org/},
	language = "russian"
}
\@online{Armadillo,	
	title = "Armadillo. Библиотека линейной алгебры С++",
	url={https://arma.sourceforge.net/},
	language = "russian"
}