\@book{gost_19_001_Общие_положения,
	address = "М.",
	publisher = "Стандартинформ",
	title = "ГОСТ 19.001-77. ЕСПД. Общие положения",
	year = "1977"
}
\@book{gost_19_002_Схемы_алгоритмов_Правила_выполнения_ЗАМЕНЕН,
	address = "М.",
	publisher = "Стандартинформ",
	title = "ГОСТ 19.002-80. ЕСПД. Схемы алгоритмов и программ. Правила выполнения (ЗАМЕНЕН НА ГОСТ 19.707-90)",
	year = "1980"	
}
\@book{gost_19_003_Схемы_алгоритмов_Условные_обозначения_ЗАМЕНЕН,
	address = "М.",
	publisher = "Стандартинформ",
	title = "ГОСТ 19.003-80. ЕСПД. Схемы алгоритмов и программ. Условные обозначения графические (ЗАМЕНЕН НА ГОСТ 19.707-90)",
	year = "1980"	
}
\@book{gost_19_004_Термины_и_определения,
	address = "М.",
	publisher = "Стандартинформ",
	title = "ГОСТ 19.004-80. ЕСПД. Термины и определения",
	year = "1980"	
}
\@book{gost_19_005_Р_схемы_алгоритмов,
	address = "М.",
	publisher = "Стандартинформ",
	title = "ГОСТ 19.005-85. ЕСПД. Р-схемы алгоритмов и программ",
	year = "1985"	
}
\@book{gost_19_101_Виды_программ_и_программных_документов,
	address = "М.",
	publisher = "Стандартинформ",
	title = "ГОСТ 19.101-77. ЕСПД. Виды программ и программных документов",
	year = "1977"	
}
\@book{gost_19_102_Стадии_разработки,
	address = "М.",
	publisher = "Стандартинформ",
	title = "ГОСТ 19.102-77. ЕСПД. Стадии разработки",
	year = "1977"	
}
\@book{gost_19_103_Обозначение_программ_и_программных_документов,
	address = "М.",
	publisher = "Стандартинформ",
	title = "ГОСТ 19.103-77. ЕСПД. Обозначение программ и программных документов",
	year = "1977"	
}
\@book{gost_19_104_Основные_надписи,
	address = "М.",
	publisher = "Стандартинформ",
	title = "ГОСТ 19.104-78. ЕСПД. Основные надписи",
	year = "1978"	
}
\@book{gost_19_105_Общие_требования_к_программным_документам,
	address = "М.",
	publisher = "Стандартинформ",
	title = "ГОСТ 19.105-78. ЕСПД. Общие требования к программным документам",
	year = "1978"	
}
\@book{gost_19_106_Требования_к_программным_документам_выполненным_печатным_способом,
	address = "М.",
	publisher = "Стандартинформ",
	title = "ГОСТ 19.106-78. ЕСПД. Требования к программным документам, выполненным печатным способом",
	year = "1978"	
}
\@book{gost_19_201_Техническое_задание,
	address = "М.",
	publisher = "Стандартинформ",
	title = "ГОСТ 19.201-78. ЕСПД. Техническое задание. Требования к содержанию и оформлению",
	year = "1978"
}
\@book{gost_19_202_Спецификация,
	address = "М.",
	publisher = "Стандартинформ",
	title = "ГОСТ 19.202-78. ЕСПД. Спецификация. Требования к содержанию и оформлению",
	year = "1978"
}
\@book{gost_19_301_Программа_и_методика_испытаний,
	address = "М.",
	publisher = "Стандартинформ",
	title = "ГОСТ 19.301-79. ЕСПД. Программа и методика испытаний. Требования к содержанию и оформлению",
	year = "1979"
}
\@book{gost_19_401_Текст_программы,
	address = "М.",
	publisher = "Стандартинформ",
	title = "ГОСТ 19.401-78. ЕСПД. Текст программы. Требования к содержанию и оформлению",
	year = "1978"
}
\@book{gost_19_402_Описание_программы,
	address = "М.",
	publisher = "Стандартинформ",
	title = "ГОСТ 19.402-78. ЕСПД. Описание программы",
	year = "1978"
}
\@book{gost_19_403_Ведомость_держателей_подлинников,
	address = "М.",
	publisher = "Стандартинформ",
	title = "ГОСТ 19.403-79. ЕСПД. Ведомость держателей подлинников",
	year = "1979"
}
\@book{gost_19_404_Пояснительная_записка,
	address = "М.",
	publisher = "Стандартинформ",
	title = "ГОСТ 19.404-79. ЕСПД. Пояснительная записка. Требования к содержанию и оформлению",
	year = "1979"
}
\@book{gost_19_501_Формуляр,
	address = "М.",
	publisher = "Стандартинформ",
	title = "ГОСТ 19.501-78. ЕСПД. Формуляр. Требования к содержанию и оформлению",
	year = "1978"
}
\@book{gost_19_502_Описание_применения,
	address = "М.",
	publisher = "Стандартинформ",
	title = "ГОСТ 19.502-78. ЕСПД. Описание применения. Требования к содержанию и оформлению",
	year = "1978"
}
\@book{gost_19_503_Руководство_системного_программиста,
	address = "М.",
	publisher = "Стандартинформ",
	title = "ГОСТ 19.503-79. ЕСПД. Руководство системного программиста. Требования к содержанию и оформлению",
	year = "1979"
}
\@book{gost_19_504_Руководство_программиста,
	address = "М.",
	publisher = "Стандартинформ",
	title = "ГОСТ 19.504-79. ЕСПД. Руководство программиста. Требования к содержанию и оформлению",
	year = "1979"
}
\@book{gost_19_505_Руководство_оператора,
	address = "М.",
	publisher = "Стандартинформ",
	title = "ГОСТ 19.505-79. ЕСПД. Руководство оператора. Требования к содержанию и оформлению",
	year = "1979"
}
\@book{gost_19_506_Описание_языка,
	address = "М.",
	publisher = "Стандартинформ",
	title = "ГОСТ 19.506-79. ЕСПД. Описание языка. Требования к содержанию и оформлению",
	year = "1979"
}
\@book{gost_19_507_Ведомость_эксплуатационных_документов,
	address = "М.",
	publisher = "Стандартинформ",
	title = "ГОСТ 19.507-79. ЕСПД. Ведомость эксплуатационных документов",
	year = "1979"
}
\@book{gost_19_508_Руководство_по_техническому_обслуживанию,
	address = "М.",
	publisher = "Стандартинформ",
	title = "ГОСТ 19.508-79. ЕСПД. Руководство по техническому обслуживанию. Требования к содержанию и оформлению",
	year = "1979"
}
\@book{gost_19_601_Общие_правила_дублирования,
	address = "М.",
	publisher = "Стандартинформ",
	title = "ГОСТ 19.601-78. ЕСПД. Общие правила дублирования, учета и хранения",
	year = "1978"
}
\@book{gost_19_602_Правила_дублирования,
	address = "М.",
	publisher = "Стандартинформ",
	title = "ГОСТ 19.602-78. ЕСПД. Правила дублирования, учета и хранения программных документов, выполненных печатным способом",
	year = "1978"
}
\@book{gost_19_603_Общие_правила_внесения_изменений,
	address = "М.",
	publisher = "Стандартинформ",
	title = "ГОСТ 19.603-78. ЕСПД. Общие правила внесения изменений",
	year = "1978"
}
\@book{gost_19_604_Правила_внесения_изменений,
	address = "М.",
	publisher = "Стандартинформ",
	title = "ГОСТ 19.604-78. ЕСПД. Правила внесения изменений в программные документы, выполненные печатным способом",
	year = "1978"
}
\@book{gost_19_701_Схемы_алгоритмов_Обозначения_условные,
	address = "М.",
	publisher = "Стандартинформ",
	title = "ГОСТ 19.701-90. ЕСПД. Схемы алгоритмов, программ, данных и систем. Обозначения условные и правила выполнения",
	year = "1990"
}

